% This file was created with JabRef 2.5.
% Encoding: UTF-8
% See the "IEEEtran_bst_HOWTO.pdf" manual for usage information.

@article{potencia,
  title={Scanning paths for estimating sound power of noise sources by sound intensity scanning method},
  author={Gan, Jian},
  journal={Chinese Journal of Acoustics},
  volume={18},
  number={4},
  pages={353--359},
  year={1999}
}

@book{sale2014testing,
  title={Testing Python: Applying Unit Testing, TDD, BDD and Acceptance Testing},
  author={Sale, David},
  year={2014},
  publisher={John Wiley \& Sons}
}

@book{bistafa,
  title={Acústica aplicada ao controle de ruído},
  author={BISTAFA, SYLVIO R},
  year={2011},
  publisher={2° edição – São Paulo}
}

@inproceedings{bdd_validacao,
  title={Automated validation of software models},
  author={Sims, Scott},
  booktitle={Automated Software Engineering, 2001.(ASE 2001). Proceedings. 16th Annual International Conference on},
  pages={91--96},
  year={2001},
  organization={IEEE}
}

@www{3_bellware_2008,
     author={Bellware, Scott},
     title={Behavior-Driven Development},
     urlaccessdate = "\today",
     url={http://www.codemag.com/article/0805061},
     journal={Codemag.com},
     year={2008},
    }

@www{2_bottke_2014,
     author={Bottke, Lars},
     title={Agile Business Analysis with Behavior-Driven Development},
     urlaccessdate = "\today",
     url={http://www.agilerecord.com/agile-business-analysis-behavior-driven-development-bdd-invest-smart/},
     journal={Agile Record},
     year={2014},
    }

@www{1_davies_2012,
 author={Davies, Rachel},
title={BDD in a Nutshell - Agile Coaching},
urlaccessdate = "\today",
 url={http://agilecoach.typepad.com/agile-coaching/2012/03/bdd-in-a-nutshell.html},
 journal={Agilecoach.typepad.com},
 year={2012}}

@www{4_hellesoy_2014,
 author={Hellesøy, Aslak},
title={The world's most misunderstood collaboration tool·Cucumber},
urlaccessdate = "\today",
 url={https://cukes.info/blog/2014/03/03/the-worlds-most-misunderstood-collaboration-tool},
 journal={Cukes.info},
 year={2014}}

@www{6_north_2006,
author={North, Dan},
 title={Introducing BDD},
urlaccessdate = "\today",
 url={http://dannorth.net/introducing-bdd/},
 journal={Dan North & Associates},
 year={2006}}

@www{7_north_2007,
 author={North, Dan},
title={What's in a Story?},
 url={http://dannorth.net/whats-in-a-story/},
urlaccessdate = "\today",
 journal={Dan North & Associates},
 year={2007}}

@www{5_rice_jones_engel_2012,
 author={Rice, Benno and Jones, Richard and Engel, Jens},
 title={Welcome to behave!},
urlaccessdate = "\today",
 url={http://pythonhosted.org/behave/},
 journal={Pythonhosted.org},
 year={2012}}

@article{8_solis_wang_2011,
    author={Solis, Carlos and Wang, Xiaofeng},
    title={A Study of the Characteristics of Behaviour Driven Development},
    DOI={10.1109/seaa.2011.76},
    journal={2011 37th EUROMICRO Conference on Software Engineering and Advanced Applications},
    year={2011}}

@www{9_dados_2011,
     author={Dados Abertos, Lei},
     title={Lei de Acesso a Informação Pública (12.527/2011)},
     urlaccessdate = "\today",
     url={http://www.presidencia.gov.br/ccivil_03/_Ato2011-2014/2011/Lei/L12527.htm},
     journal={Presidência da República},
     year={2011},
    }
